@inproceedings{indyk2000stable,
  title={Stable distributions, pseudorandom generators, embeddings and data stream computation},
  author={Indyk, Piotr},
  booktitle={focs},
  pages={189},
  year={2000},
  organization={IEEE}
}

@article{chafai2009singular,
  title={Singular values of random matrices},
  author={Chafa{\i}, Djalil},
  journal={Lecture Notes},
  year={2009},
  publisher={Citeseer}
}

@article{candes2008restricted,
  title={The restricted isometry property and its implications for compressed sensing},
  author={Candes, Emmanuel J},
  journal={Comptes rendus mathematique},
  volume={346},
  number={9-10},
  pages={589--592},
  year={2008},
  publisher={Elsevier}
}

@article{harenberg2014community,
  title={Community detection in large-scale networks: a survey and empirical evaluation},
  author={Harenberg, Steve and Bello, Gonzalo and Gjeltema, L and Ranshous, Stephen and Harlalka, Jitendra and Seay, Ramona and Padmanabhan, Kanchana and Samatova, Nagiza},
  journal={Wiley Interdisciplinary Reviews: Computational Statistics},
  volume={6},
  number={6},
  pages={426--439},
  year={2014},
  publisher={Wiley Online Library}
}


@article{birnbaum2013minimax,
  title={Minimax bounds for sparse PCA with noisy high-dimensional data},
  author={Birnbaum, Aharon and Johnstone, Iain M and Nadler, Boaz and Paul, Debashis},
  journal={Annals of statistics},
  volume={41},
  number={3},
  pages={1055},
  year={2013},
  publisher={NIH Public Access}
}

@inproceedings{bhaskara2010detecting,
  title={Detecting high log-densities: an O (n $1/4$) approximation for densest k-subgraph},
  author={Bhaskara, Aditya and Charikar, Moses and Chlamtac, Eden and Feige, Uriel and Vijayaraghavan, Aravindan},
  booktitle={Proceedings of the forty-second ACM symposium on Theory of computing},
  pages={201--210},
  year={2010},
  organization={ACM}
}

@article{feige2001dense,
  title={The dense k-subgraph problem},
  author={Feige, Uriel and Peleg, David and Kortsarz, Guy},
  journal={Algorithmica},
  volume={29},
  number={3},
  pages={410--421},
  year={2001},
  publisher={Springer}
}


@article{schaeffer2007graph,
  title={Graph clustering},
  author={Schaeffer, Satu Elisa},
  journal={Computer science review},
  volume={1},
  number={1},
  pages={27--64},
  year={2007},
  publisher={Elsevier}
}

@incollection{lee2010survey,
  title={A survey of algorithms for dense subgraph discovery},
  author={Lee, Victor E and Ruan, Ning and Jin, Ruoming and Aggarwal, Charu},
  booktitle={Managing and Mining Graph Data},
  pages={303--336},
  year={2010},
  publisher={Springer}
}

@inproceedings{gunnemann2010subspace,
  title={Subspace clustering meets dense subgraph mining: A synthesis of two paradigms},
  author={Gunnemann, Stephan and Farber, Ines and Boden, Brigitte and Seidl, Thomas},
  booktitle={Data Mining (ICDM), 2010 IEEE 10th International Conference on},
  pages={845--850},
  year={2010},
  organization={IEEE}
}


@article{bouveyron2014model,
  title={Model-based clustering of high-dimensional data: A review},
  author={Bouveyron, Charles and Brunet-Saumard, Camille},
  journal={Computational Statistics \& Data Analysis},
  volume={71},
  pages={52--78},
  year={2014},
  publisher={Elsevier}
}

@article{guo2016high,
  title={High-dimensional and banded vector autoregressions},
  author={Guo, Shaojun and Wang, Yazhen and Yao, Qiwei},
  journal={Biometrika},
  pages={asw046},
  year={2016},
  publisher={Oxford University Press}
}

@article{otto2018estimation,
  title={Estimation of the Spatial Weighting Matrix for Spatiotemporal Data under the Presence of Structural Breaks},
  author={Otto, Philipp and Steinert, Rick},
  journal={arXiv preprint arXiv:1810.06940},
  year={2018}
}


@article{lam2013regularization,
  title={Regularization for spatial panel time series using the adaptive lasso},
  author={Lam, Clifford and Souza, Pedro CL and others},
  journal={Journal of Regional Science},
  year={2013}
}


@article{lam2016detection,
  title={Detection and estimation of block structure in spatial weight matrix},
  author={Lam, Clifford and Souza, Pedro CL},
  journal={Econometric Reviews},
  volume={35},
  number={8-10},
  pages={1347--1376},
  year={2016},
  publisher={Taylor \& Francis}
}

@article{buhlmann2013correlated,
  title={Correlated variables in regression: clustering and sparse estimation},
  author={B{\"u}hlmann, Peter and R{\"u}timann, Philipp and van de Geer, Sara and Zhang, Cun-Hui},
  journal={Journal of Statistical Planning and Inference},
  volume={143},
  number={11},
  pages={1835--1858},
  year={2013},
  publisher={Elsevier}
}


@article{stock2011dynamic,
  title={Dynamic factor models},
  author={Stock, James H and Watson, Mark},
  journal={Oxford handbook on economic forecasting},
  year={2011},
  publisher={Oxford University Press}
}

@article{caruana1997multitask,
  title={Multitask learning},
  author={Caruana, Rich},
  journal={Machine learning},
  volume={28},
  number={1},
  pages={41--75},
  year={1997},
  publisher={Springer}
}

@article{negahban2011estimation,
  title={Estimation of (near) low-rank matrices with noise and high-dimensional scaling},
  author={Negahban, Sahand and Wainwright, Martin J},
  journal={The Annals of Statistics},
  pages={1069--1097},
  year={2011},
  publisher={JSTOR}
}

@article{tibshirani1996regression,
  title={Regression shrinkage and selection via the lasso},
  author={Tibshirani, Robert},
  journal={Journal of the Royal Statistical Society. Series B (Methodological)},
  pages={267--288},
  year={1996},
  publisher={JSTOR}
}

@article{witten2014cluster,
  title={The cluster elastic net for high-dimensional regression with unknown variable grouping},
  author={Witten, Daniela M and Shojaie, Ali and Zhang, Fan},
  journal={Technometrics},
  volume={56},
  number={1},
  pages={112--122},
  year={2014},
  publisher={Taylor \& Francis}
}

@article{ari2002clustered,
  title={Clustered linear regression},
  author={Ari, Bertan and G{\"u}venir, H Altay},
  journal={Knowledge-Based Systems},
  volume={15},
  number={3},
  pages={169--175},
  year={2002},
  publisher={Elsevier}
}

@inproceedings{seki2018regression,
  title={Regression analysis on high-dimensional, block diagonal structure data with focus on latent variables},
  author={Seki, Shinei and Nagata, Yasushi},
  booktitle={AIP Conference Proceedings},
  volume={1982},
  number={1},
  pages={020017},
  year={2018},
  organization={AIP Publishing}
}

@article{delattre2016mixtures,
  title={Mixtures of stochastic differential equations with random effects: application to data clustering},
  author={Delattre, Maud and Genon-Catalot, Valentine and Samson, Adeline},
  journal={Journal of Statistical Planning and Inference},
  volume={173},
  pages={109--124},
  year={2016},
  publisher={Elsevier}
}

@article{bulteel2016clustering,
  title={Clustering vector autoregressive models: Capturing qualitative differences in within-person dynamics},
  author={Bulteel, Kirsten and Tuerlinckx, Francis and Brose, Annette and Ceulemans, Eva},
  journal={Frontiers in psychology},
  volume={7},
  pages={1540},
  year={2016},
  publisher={Frontiers}
}

@inproceedings{huang2012learning,
  title={Learning bi-clustered vector autoregressive models},
  author={Huang, Tzu-Kuo and Schneider, Jeff},
  booktitle={Joint European Conference on Machine Learning and Knowledge Discovery in Databases},
  pages={741--756},
  year={2012},
  organization={Springer}
}

@inproceedings{jacob2009clustered,
  title={Clustered multi-task learning: A convex formulation},
  author={Jacob, Laurent and Vert, Jean-philippe and Bach, Francis R},
  booktitle={Advances in neural information processing systems},
  pages={745--752},
  year={2009}
}

@article{lu2018subspace,
  title={Subspace clustering by block diagonal representation},
  author={Lu, Canyi and Feng, Jiashi and Lin, Zhouchen and Mei, Tao and Yan, Shuicheng},
  journal={IEEE Transactions on Pattern Analysis and Machine Intelligence},
  year={2018},
  publisher={IEEE}
}

@book{mitzenmacher2005probability,
  title={Probability and computing: Randomized algorithms and probabilistic analysis},
  author={Mitzenmacher, Michael and Upfal, Eli},
  year={2005},
  publisher={Cambridge university press}
}

@article{batu2013testing,
  title={Testing closeness of discrete distributions},
  author={Batu, Tu{\u{g}}kan and Fortnow, Lance and Rubinfeld, Ronitt and Smith, Warren D and White, Patrick},
  journal={Journal of the ACM (JACM)},
  volume={60},
  number={1},
  pages={4},
  year={2013},
  publisher={ACM}
}

@article{olhede2014network,
  title={Network histograms and universality of blockmodel approximation},
  author={Olhede, Sofia C and Wolfe, Patrick J},
  journal={Proceedings of the National Academy of Sciences},
  volume={111},
  number={41},
  pages={14722--14727},
  year={2014},
  publisher={National Acad Sciences}
}

@article{wolfe2013nonparametric,
  title={Nonparametric graphon estimation},
  author={Wolfe, Patrick J and Olhede, Sofia C},
  journal={arXiv preprint arXiv:1309.5936},
  year={2013}
}

@article{rohe2011spectral,
  title={Spectral clustering and the high-dimensional stochastic blockmodel},
  author={Rohe, Karl and Chatterjee, Sourav and Yu, Bin and others},
  journal={The Annals of Statistics},
  volume={39},
  number={4},
  pages={1878--1915},
  year={2011},
  publisher={Institute of Mathematical Statistics}
}

@article{abbe2017community,
  title={Community detection and stochastic block models: recent developments},
  author={Abbe, Emmanuel},
  journal={arXiv preprint arXiv:1703.10146},
  year={2017}
}


@article{abraham2015low,
  title={Low-distortion inference of latent similarities from a multiplex social network},
  author={Abraham, Ittai and Chechik, Shiri and Kempe, David and Slivkins, Aleksandrs},
  journal={SIAM Journal on Computing},
  volume={44},
  number={3},
  pages={617--668},
  year={2015},
  publisher={SIAM}
}

@inproceedings{li2017world,
  title={From which world is your graph},
  author={Li, Cheng and Wong, Felix MF and Liu, Zhenming and Kanade, Varun},
  booktitle={Advances in Neural Information Processing Systems},
  pages={1469--1479},
  year={2017}
}

@inproceedings{rudelson2010non,
  title={Non-asymptotic theory of random matrices: extreme singular values},
  author={Rudelson, Mark and Vershynin, Roman},
  booktitle={Proceedings of the International Congress of Mathematicians 2010 (ICM 2010) (In 4 Volumes) Vol. I: Plenary Lectures and Ceremonies Vols. II--IV: Invited Lectures},
  pages={1576--1602},
  year={2010},
  organization={World Scientific}
}

@article{gu2018empirical,
  title={Empirical Asset Pricing Via Machine Learning},
  author={Gu, Shihao and Kelly, Bryan T and Xiu, Dacheng},
  year={2018}
}


@article{lam2012factor,
  title={Factor modeling for high-dimensional time series: inference for the number of factors},
  author={Lam, Clifford and Yao, Qiwei and others},
  journal={The Annals of Statistics},
  volume={40},
  number={2},
  pages={694--726},
  year={2012},
  publisher={Institute of Mathematical Statistics}
}

@misc{robert2014machine,
  title={Machine learning, a probabilistic perspective},
  author={Murphy,Kevin},
  year={2014},
  publisher={Taylor \& Francis}
}

@inproceedings{zhou2010stable,
  title={Stable principal component pursuit},
  author={Zhou, Zihan and Li, Xiaodong and Wright, John and Candes, Emmanuel and Ma, Yi},
  booktitle={Information Theory Proceedings (ISIT), 2010 IEEE International Symposium on},
  pages={1518--1522},
  year={2010},
  organization={IEEE}
}

@article{cameron2015practitioner,
  title={A practitioner’s guide to cluster-robust inference},
  author={Cameron, A Colin and Miller, Douglas L},
  journal={Journal of Human Resources},
  volume={50},
  number={2},
  pages={317--372},
  year={2015},
  publisher={University of Wisconsin Press}
}


@article{yamada2016localized,
  title={Localized lasso for high-dimensional regression},
  author={Yamada, Makoto and Takeuchi, Koh and Iwata, Tomoharu and Shawe-Taylor, John and Kaski, Samuel},
  journal={arXiv preprint arXiv:1603.06743},
  year={2016}
}
